<?xml version="1.0" encoding="UTF-8"?><record xmlns="http://www.loc.gov/MARC21/slim" xmlns:cinclude="http://apache.org/cocoon/include/1.0" xmlns:zs="http://www.loc.gov/zing/srw/">
  <leader>00752cz  a2200205n  4500</leader>
  <controlfield tag="001">nb2014015526</controlfield>
  <controlfield tag="003">DLC</controlfield>
  <controlfield tag="005">20140724074004.0</controlfield>
  <controlfield tag="008">140710n| azannaabn          |n aaa      </controlfield>
  <datafield tag="010" ind1=" " ind2=" ">
    <subfield code="a">nb2014015526</subfield>
  </datafield>
  <datafield tag="035" ind1=" " ind2=" ">
    <subfield code="a">(OCoLC)oca09906650</subfield>
  </datafield>
  <datafield tag="040" ind1=" " ind2=" ">
    <subfield code="a">Uk</subfield>
    <subfield code="b">eng</subfield>
    <subfield code="e">rda</subfield>
    <subfield code="c">Uk</subfield>
    <subfield code="d">IEN</subfield>
  </datafield>
  <datafield tag="046" ind1=" " ind2=" ">
    <subfield code="s">19</subfield>
    <subfield code="t">20</subfield>
  </datafield>
  <datafield tag="100" ind1="1" ind2=" ">
    <subfield code="a">Rowse, Deanne</subfield>
  </datafield>
  <datafield tag="370" ind1=" " ind2=" ">
    <subfield code="a">Epsom (England)</subfield>
    <subfield code="c">Great Britain</subfield>
    <subfield code="e">Cornwall (England : County)</subfield>
    <subfield code="2">naf</subfield>
  </datafield>
  <datafield tag="372" ind1=" " ind2=" ">
    <subfield code="a">Poetry</subfield>
    <subfield code="a">Creative writing</subfield>
    <subfield code="2">lcsh</subfield>
  </datafield>
  <datafield tag="374" ind1=" " ind2=" ">
    <subfield code="a">Poets</subfield>
    <subfield code="2">lcsh</subfield>
  </datafield>
  <datafield tag="375" ind1=" " ind2=" ">
    <subfield code="a">female</subfield>
  </datafield>
  <datafield tag="377" ind1=" " ind2=" ">
    <subfield code="a">eng</subfield>
  </datafield>
  <datafield tag="670" ind1=" " ind2=" ">
    <subfield code="a">... and still a smile, January 2013:</subfield>
    <subfield code="b">t.p. (Deanne Rowse) back cover (was born in Epsom, Surrey; has lived in Cornwall for 50 years; had a long career in nursing and a fine art degree couse; discovered creative writing late in life)</subfield>
  </datafield>
</record>